@book{kandel2013principles,
  title={Principles of Neural Science, Fifth Edition},
  author={Kandel, E.R. and Jessell, T.M. and Schwartz, J.H. and Siegelbaum, S.A. and Hudspeth, A.J.},
  isbn={9780071390118},
  lccn={2012023071},
  url={https://books.google.de/books?id=s64z-LdAIsEC},
  year={2013},
  publisher={McGraw-Hill Education}
}

@book{watson2010thebrain,
author = {R Watson, Charles and Kirkcaldie, Matthew and Paxinos, George},
year = {2010},
month = {01},
pages = {},
title = {The Brain: An Introduction to Functional Neuroanatomy},
isbn = {9780123738899}
}

@book{paxinos2014rat,
  title={The Rat Nervous System},
  author={Paxinos, G.},
  isbn={9780080921372},
  url={https://books.google.de/books?id=mB6OAwAAQBAJ},
  year={2014},
  publisher={Elsevier Science}
}

@book{smith2008biology,
  title={Biology of Sensory Systems},
  author={Smith, C.U.M.},
  isbn={9780470694381},
  url={https://books.google.de/books?id=SRHYqVumK6gC},
  year={2008},
  publisher={Wiley}
}

@book{heldmaier2003tierphysiologie, 
  title={Vergleichende Tierphysiologie, Neuro- und Sinnesphysiologie},
  author={Heldmaier, G. and Neuweiler, G.},
  isbn={978-3-642-55699-9},
  year={2003},
  publisher={Springer-Verlag Berlin Heidelberg}
}

@book{storch2012lehrbuchzoo,
title={Kurzes Lehrbuch der Zoologie},
author={Storch, V. and Welsch, U.},
isbn={9783827429674},
url={https://books.google.de/books?id=t-Y7QQAACAAJ},
year={2012},
publisher={Spektrum Akademischer Verlag}
}

@book{book:{1406171},
title =     {Neuroanatomy: an Illustrated Colour Text},
author =    {Alan R. Crossman, David Neary},
publisher = {Churchill Livingstone},
isbn =      {0702054054,9780702054051},
year =      {2014},
series =    {},
edition =   {5},
volume =    {}
}

@book{penzlin2005tierphys,
  title={Lehrbuch der Tierphysiologie},
  author={Penzlin, H. and Ramm, K.},
  isbn={9783827401700},
  url={https://books.google.de/books?id=HpqkAAAACAAJ},
  year={2005},
  publisher={Spektrum Akademischer Verlag}
}

@book{trepel2011neuroanatomie,
   title =     {Neuroanatomie: Struktur und Funktion},
   author =    {Martin Trepel},
   publisher = {Urban & Fischer / Elsevier},
   isbn =      {343741299X,9783437412998},
   year =      {2011},
   series =    {},
   edition =   {5. Auflage},
   volume =    {}
   }